
    <zs:record>
      <zs:recordSchema/>
      <zs:recordPacking>xml</zs:recordPacking>
      <zs:recordData>
        <record xmlns="http://www.loc.gov/MARC21/slim">
          <leader>01039cam a2200265u  4500</leader>
          <controlfield tag="001">9164171</controlfield>
          <controlfield tag="005">20230117092027.0</controlfield>
          <controlfield tag="008">830107s1907    enkfh         000 0 eng  </controlfield>
          <datafield tag="906" ind1=" " ind2=" ">
            <subfield code="a">0</subfield>
            <subfield code="b">cbc</subfield>
            <subfield code="c">premunv</subfield>
            <subfield code="d">u</subfield>
            <subfield code="e">ncip</subfield>
            <subfield code="f">19</subfield>
            <subfield code="g">y-gencatlg</subfield>
          </datafield>
          <datafield tag="955" ind1=" " ind2=" ">
            <subfield code="u">ma02 2023-01-17</subfield>
          </datafield>
          <datafield tag="035" ind1=" " ind2=" ">
            <subfield code="9">(DLC)   11020010</subfield>
          </datafield>
          <datafield tag="010" ind1=" " ind2=" ">
            <subfield code="a">   11020010 </subfield>
          </datafield>
          <datafield tag="040" ind1=" " ind2=" ">
            <subfield code="a">DLC</subfield>
            <subfield code="c">CarP</subfield>
            <subfield code="d">DLC</subfield>
          </datafield>
          <datafield tag="050" ind1="0" ind2="0">
            <subfield code="a">PJ3081</subfield>
            <subfield code="b">.S8 no. 12</subfield>
          </datafield>
          <datafield tag="100" ind1="1" ind2=" ">
            <subfield code="a">Lewis, Agnes Smith,</subfield>
            <subfield code="d">1843-1926,</subfield>
            <subfield code="e">editor,</subfield>
            <subfield code="e">translator.</subfield>
          </datafield>
          <datafield tag="245" ind1="1" ind2="0">
            <subfield code="a">Forty-one facsimiles of dated Christian Arabic manuscripts.</subfield>
          </datafield>
          <datafield tag="260" ind1=" " ind2=" ">
            <subfield code="a">Cambridge,</subfield>
            <subfield code="b">University press,</subfield>
            <subfield code="c">1907.</subfield>
          </datafield>
          <datafield tag="300" ind1=" " ind2=" ">
            <subfield code="a">4 p.l., [vii]-xxii, 82 p.</subfield>
            <subfield code="b">42 facsim. on 41 plates (incl. front.)</subfield>
            <subfield code="c">26 cm.</subfield>
          </datafield>
          <datafield tag="650" ind1=" " ind2="0">
            <subfield code="a">Manuscripts, Arabic</subfield>
            <subfield code="v">Facsimiles.</subfield>
          </datafield>
          <datafield tag="650" ind1=" " ind2="0">
            <subfield code="a">Manuscripts, Arabic</subfield>
            <subfield code="z">Egypt</subfield>
            <subfield code="z">Sinai.</subfield>
          </datafield>
          <datafield tag="610" ind1="2" ind2="0">
            <subfield code="a">Saint Catherine (Monastery : Mount Sinai).</subfield>
            <subfield code="b">Library.</subfield>
          </datafield>
          <datafield tag="650" ind1=" " ind2="0">
            <subfield code="a">Paleography, Arabic.</subfield>
          </datafield>
          <datafield tag="700" ind1="1" ind2=" ">
            <subfield code="a">Gibson, Margaret Dunlop,</subfield>
            <subfield code="d">1843-1920,</subfield>
            <subfield code="e">editor,</subfield>
            <subfield code="e">translator.</subfield>
          </datafield>
          <datafield tag="700" ind1="1" ind2=" ">
            <subfield code="a">Margoliouth, D. S.</subfield>
            <subfield code="q">(David Samuel),</subfield>
            <subfield code="d">1858-1940.</subfield>
          </datafield>
          <datafield tag="991" ind1=" " ind2=" ">
            <subfield code="b">c-GenColl</subfield>
            <subfield code="h">PJ3081</subfield>
            <subfield code="i">.S8 no. 12</subfield>
            <subfield code="t">Copy 1</subfield>
            <subfield code="w">PREM</subfield>
          </datafield>
        </record>
      </zs:recordData>
      <zs:recordPosition>7</zs:recordPosition>
    </zs:record>